@article{horowitz2010david,
  title={David Riesman: from law to social criticism},
  author={Horowitz, Daniel},
  journal={Buff. L. Rev.},
  volume={58},
  pages={1005},
  year={2010},
  publisher={HeinOnline}
}

@misc{fromm1941escape,
  title={Escape from Freedom. New York: Farrar and Rinehart. Englische Ausgabe, 1942, The Fear of Freedom},
  author={Fromm, Erich},
  year={1941},
  publisher={London: Routledge und Kegan Paul}
}

@book{fromm1994escape,
  title={Escape from freedom},
  author={Fromm, Erich},
  year={1994},
  publisher={Macmillan}
}

@book{fromm1970social,
  title={Social character in a Mexican village},
  author={Fromm, Erich},
  year={1970},
  publisher={Transaction Publishers}
}

@article{cialdini2004social,
  title={Social influence: Compliance and conformity},
  author={Cialdini, Robert B and Goldstein, Noah J},
  journal={Annu. Rev. Psychol.},
  volume={55},
  pages={591--621},
  year={2004},
  publisher={Annual Reviews}
}

@article{hogg2005social,
  title={Social psychology. Harlow},
  author={Hogg, Michael A and Vaughan, Graham M},
  journal={Englang: Person},
  year={2005}
}

@article{whyte2002organization,
  title={The Organization Man. 1956},
  author={Whyte, William H},
  journal={Philadelphia: U of Pennsylvania P},
  year={2002}
}

@book{packard1959status,
  title={The status seekers: An exploration of class behavior in America and the hidden barriers that affect you, your community, your future},
  author={Packard, Vance},
  year={1959},
  publisher={D. McKay Co}
}

@book{steenvoorden2016societal,
  title={Societal pessimism: A study of its conceptualization, causes, correlates and consequences},
  author={Steenvoorden, Eefje and others},
  year={2016},
  publisher={Netherlands Institute for Social Research/SCP}
}

@article{mcclay1998lonely,
  title={The Lonely Crowd After Fifty Years},
  author={McClay, Wilfrid},
  journal={The Wilson Quarterly},
  volume={22},
  pages={35--43},
  year={1998}
}

@article{mccrae1996social,
  title={Social consequences of experiential openness.},
  author={McCrae, Robert R},
  journal={Psychological bulletin},
  volume={120},
  number={3},
  pages={323},
  year={1996},
  publisher={American Psychological Association}
}

@article{jost2006end,
  title={The end of the end of ideology.},
  author={Jost, John T},
  journal={American psychologist},
  volume={61},
  number={7},
  pages={651},
  year={2006},
  publisher={American Psychological Association}
}

@article{thurston1999flexibility,
  title={Flexibility},
  author={Thurston, Becky J and Runco, Mark A},
  journal={Encyclopedia of creativity},
  volume={1},
  pages={729--732},
  year={1999},
  publisher={Academic Press San Diego, CA}
}

@book{riesman2001lonely,
  title={The lonely crowd},
  author={Riesman, David and Glazer, Nathan and Denney, Reuel},
  year={2001},
  publisher={Yale University Press}
}

@book{riesman1979making,
  title={On the making of Americans: essays in honor of David Riesman},
  author={Riesman, David and Gans, Herbert J},
  year={1979},
  publisher={University of Pennsylvania Press}
}

@book{wilkinson1988pursuit,
  title={The pursuit of American character},
  author={Wilkinson, Rupert},
  year={1988},
  publisher={HarperCollins}
}

@article{fromm1941fear,
  title={The Fear of Freedom, London (Kegan Paul), 1942.},
  author={Fromm, Erich},
  year={1941}
}

@book{callero2017myth,
  title={The myth of individualism: How social forces shape our lives},
  author={Callero, Peter L},
  year={2017},
  publisher={Rowman \& Littlefield}
}

@book{bude2014gesellschaft,
  title={Gesellschaft der Angst},
  author={Bude, Heinz},
  year={2014},
  publisher={Hamburger Edition HIS}
}
